@Manual{R,
  title = {R: A Language and Environment for Statistical Computing},
  author = {{R Core Team}},
  organization = {R Foundation for Statistical Computing},
  address = {Vienna, Austria},
  year = {2016},
  note = {{ISBN} 3-900051-07-0},
  url = {https://www.R-project.org/},
}

  @Manual{tidyverse,
    title = {tidyverse: Easily Install and Load the 'Tidyverse'},
    author = {Hadley Wickham},
    year = {2017},
    note = {R package version 1.2.1},
    url = {https://CRAN.R-project.org/package=tidyverse},
  }


@article{Newcomb:1996,
  Author = {Newcomb, S},
	Journal = { American Journal of Mathematics},
	Number = 4,
	Pages = {551–572},
	Title = {Note on the frequency of use of the different digits in natural numbers},
	Volume = 78,
	Year = 1881,
        url = {https://doi.org/10.2307/2369148}
}

@article{benf,
  Author = {Benford, F},
	Journal = {Proceedings of the American Philosophical Society},
	Number = 3,
	Pages = {39-40},
	Title = {The law of anomalous numbers},
	Volume = 4,
	Year = 1938
}

@book{kvam,
  title = {Nonparametric Statistics with Applications to Science and Engineering},
  author = {Kvam, Paul H and Vidakovic, Brani},
  year = 2007, 
  publisher = {Wiley}
}

@article{roger,
  Author = {Roger S. Pinkham},
	Journal = {Ann. Math. Statist},
	Number = 4,
	Pages = {1223-1230},
	Title = {On the Distribution of First Significant Digits},
	Volume = 32,
	Year = 1961
}

@book{steven,
  title = {The Scientist and Engineer's Guide to Digital Signal Processing},
  author = {Steven W. Smith},
  chapter = {34, Explaining Benford's Law},
  year = 1997, 
  publisher = {California Technical Publishing}
}

@article{fewster,
  Author = {Fewster, R. M},
	Journal = {The American Statistician},
	Number = 1,
	Pages = {26-32},
	Title = {A simple explanation of Benford's Law},
	Volume = 63,
	Year = 2009,
        url = {https://doi.org/10.1198/tast.2009.0005}
}

@article{washt,
  Author = {Washington, L. C},
	Journal = {The Fibonacci Quarterly},
	Number = 2,
	Pages = {175–177},
	Title = {Benford's Law for Fibonacci and Lucas Numbers},
	Volume = 19,
	Year = 1981,
        url = {https://doi.org/10.2307/2369148}
}

@article{raimi,
  Author = {Raimi, Ralph A},
	Journal = {American Mathematical Monthly},
	Number = 7,
	Pages = {521–538},
	Title = {The First Digit Problem},
	Volume = 83,
	Year = 1976,
        url = {https://doi.org/10.2307/2319349}
}

@article{steph,
  Author = {Stephens, M. A},
	Journal = {Journal of the Royal Statistical Society},
	Number = 1,
	Pages = {115-122},
	Title = {Use of the Kolmogorov–Smirnov, Cramér–Von Mises and Related Statistics without Extensive Tables},
	Volume = B.32,
	Year = 1970,
        url = {https://doi.org/10.2307/2369148}
}

@book{nash,
	Title = {Darkest Hours},
	Author = {Nash},
	Year = 1976, 
	Publisher = {Rowman and Littlefield}
}

@article{BBC:hope,
	Journal = {BBC News},
	Title = {Hope fades for water park victims},
	Year = 2004,
	Month = 2,
	note = {Retrieved 13 September 2006}
}

@article{Age,
	Journal = {The Age},
	Title = {Seven die at fun fair: Suddenly fire and smoke make the mock horror real},
	Year = 1979,
	Month = 6,
	note = {Retrieved 24 November 2016}
}

@online{Brakenridge,
  author = {Brakenridge, G.R},
  title = {Global Active Archive of Large Flood Events},
  year = 2016,
  url = {http://floodobservatory.colorado.edu/Archives/index.html}
}

@article{sandron,
  Author = {Sandron, F},
	Journal = {Population},
	Number = 4,
	Pages = {753-761},
	Title = {Les populations suivent-elles la loi des nombres anomaux?},
	Volume = 57,
	Year =  2002,
	url = {https://doi.org/10.3917/popu.204.0761}
}

@online{Worldometers,
	Journal = {Worldometers},
	Title = {Countries of the World},
	url = {http://www.worldometers.info/geography/countries-of-the-world/},
	urldate = {2018-04-30}
}

@article{theo,
  Author = {Theodore P. Hill},
	Journal = {The American Mathematical Monthly},
	Number = 4,
	Pages = {322–327},
	Title = {The Significant-Digit Phenomenon},
	Volume = 102,
	Year = 1995,
	Month = 4
}

@article{seh,
  Author = {Sehity, Tarek el and Hoelzl, Erik and Kirchler, Erich},
	Journal = {International Journal of Research in Marketing},
	Number = 4,
	Pages = {471–480},
	Title = {Price developments after a nominal shock: Benford's Law and psychological pricing after the euro introduction},
	Volume = 22,
	Month = 12,
	Year = 2005
}

@article{diek,
  Author = {Diekmann, A},
	Journal = {J Appl Stat},
	Number = 3,
	Pages = {321–329},
	Title = {Not the First Digit! Using Benford's Law to detect fraudulent scientific data},
	Volume = 34,
	Year = 2007
}

@article{morrow,
  Author = {Morrow, J},
	Journal = {UW-Madison},
	Title = {Benford’s Law, Families of Distributions and a test basis},
	Year = 2010
}

@article{leemis,
  Author = {Leemis, L. M. and Schmeiser, B. W. and Evans, D. L},
	Journal = {The American Statistician},
	Number = 4,
	Pages = {236–241},
	Title = {Survival distributions satisfying Benford's Law},
	Volume = 54,
	Year = 2000
}

@article{cho,
  Author = {Cho, W. K. T. and Gaines, B. J},
	Journal = {The American Statistician},
	Number = 3,
	Pages = {218–223},
	Title = {Breaking the (Benford) law: Statistical fraud detection in campaign finance},
	Volume = 61,
	Year = 2007
}

@article{formann,
  Author = {Formann, A. K.},
	Journal = { PLoS ONE},
	Number = 5,
	Pages = {e10541},
	Title = {The Newcomb-Benford Law in Its Relation to Some Common Distributions},
	Volume = 5,
	Year = 2010,
	url = {10.1371/journal.pone.0010541}
}
 (2010). Morris, Richard James, ed. "".. 5 (5): . Bibcode:2010PLoSO...510541F. doi:. PMC 2866333. PMID 20479878.